@book{bringhurst:elements,
    author    = {Bringhurst, Robert},
    title     = {The Elements of Typographic Style},
    publisher = {Hartley \& Marks},
    year      = {1992},
    location  = {Point Roberts, Washington, USA}
}


@manual{miede:classicthesis, 
	author    = {Miede, Andr\'e},
	title     = {A Classic Thesis style}, 
	year      = {2011},
	url       = {http://www.ctan.org/tex-archive/macros/latex/contrib/classicthesis/ClassicThesis.pdf}
}


@manual{pantieri:classicthesis, 
	author    = {Pantieri, Lorenzo},
	title     = {Introduzione allo stile \classicthesis}, 
	year      = {2011},
	url       = {http://www.lorenzopantieri.net/LaTeX_files/ClassicThesis.pdf},
    note      = {in Italian}
}


@manual{pantieri:art, 
	author    = {Pantieri, Lorenzo and Gordini, Tommaso},
	title     = {L'arte di scrivere con \LaTeX}, 
	year      = {2012},
	url       = {http://www.lorenzopantieri.net/LaTeX_files/ArteLaTeX.pdf},
	note      = {in Italian}
}


@article{universia,
	author = "Pabsy Gonz\'alez~Irisarri",
	title = "Los peligros de cometer plagio",
	journal = "Universia",
	year =	"2010/10/5",
	volume = "10",
	url = "http://noticias.universia.pr/vida-universitaria/noticia/2010/03/15/185179/peligros-cometer-plagio-PRINTABLE.html"};

@article{brunetti-JMMM-2002,
	author = "L. Brunetti and M. Coisson and P. Tiberto and F. Vinai",
	title = "Magneto-impedance measurements in amorphous {Co}-based magnetic wires at high frequency",
	journal = "Journal of Magnetism and Magnetic Materials",
	year =	"2002",
	volume = "249",
	number = "1",
	pages = "310-314"};
